<?xml version="1.0" encoding="UTF-8"?><collection xmlns="http://www.loc.gov/MARC21/slim"><record><leader>00448nam--2200157-i-4500</leader><controlfield tag="001">000007208</controlfield><controlfield tag="002">20161230</controlfield><controlfield tag="005">20170129230803</controlfield><controlfield tag="008">060222s1000------------r-----000-0-eng-d</controlfield><datafield ind1=" " ind2="1" tag="100"><subfield code="a">Abramovitz, M</subfield></datafield><datafield ind1=" " ind2=" " tag="245"><subfield code="a">Handbook of Mathematical Functions with Formulas, Graphs and Mathematical Tables</subfield></datafield><datafield ind1=" " ind2=" " tag="260"><subfield code="a">Washington</subfield><subfield code="c">1965</subfield></datafield><datafield ind1=" " ind2=" " tag="300"><subfield code="a">1046 p</subfield></datafield><datafield ind1=" " ind2=" " tag="490"><subfield code="a">N.B.S. Applied Mahematics Series</subfield></datafield><datafield ind1=" " ind2=" " tag="852"><subfield code="a">21706</subfield><subfield code="c">518.2</subfield></datafield><datafield ind1=" " ind2=" " tag="CAT"><subfield code="a">SYS</subfield><subfield code="c">20170129</subfield><subfield code="h">230803</subfield></datafield></record></collection>